@article{josequoridor,
    title={Quoridor-AI},
    author={Jose, Chris and Kulshrestha, Sakshum and Ling, Chenyi and Liu, Xiaoyur and Moskowitz, Ben},
    year = {2022},
    howpublished = {www.https://www.researchgate.net/profile/Ben_Moskowitz/publication/363456787_Quoridor-AI/links/631ce5620a70852150e32a59/Quoridor-AI.pdf},
    journal = {ResearchGate}
}